@inproceedings{sloppy-counters,
    title = {An Analysis of Linux Scalability to Many Cores},
    author = {Silas Boyd-Wickizer and Austin T. Clements and Yandong Mao and
        Aleksey
            Pesterev and M. Frans Kaashoek and Robert Morris and
            Nickolai Zeldovich},
    booktitle = {Proceedings of the 9th {USENIX} {S}ymposium on {O}perating
        {S}ystems {D}esign and {I}mplementation ({OSDI} '10)},
    year = {2010},
    month = {October},
    address = {Vancouver, Canada},
}

@inproceedings{RCU,
    title = {Scalable Address Spaces Using RCU Balanced Trees},
    author = {Austin T. Clements and Frans Kaashoek and Nickolai Zeldovich},
    booktitle = {Proceedings of the 17th International Conference on Architectural
        Support for Programming Languages and Operating Systems ({ASPLOS})},
    year = {2012},
    month = {March},
    address = {London, UK},
}

@article{fos,
    author = {Wentzlaff, David and Agarwal, Anant},
    title = {Factored operating systems (fos): the case for a scalable operating system for multicores},
    journal = {SIGOPS Oper. Syst. Rev.},
    issue_date = {April 2009},
    volume = {43},
    number = {2},
    month = apr,
    year = {2009},
    issn = {0163-5980},
    pages = {76--85},
    numpages = {10},
    url = {http://doi.acm.org/10.1145/1531793.1531805},
    doi = {10.1145/1531793.1531805},
    acmid = {1531805},
    publisher = {ACM},
    address = {New York, NY, USA},
    keywords = {factored operating system, multicore operating systems},
} 

